@article{barraquand2014lack,
  title={Lack of quantitative training among early-career ecologists: a survey of the problem and potential solutions},
  author={Barraquand, Fr{\'e}d{\'e}ric and Ezard, Thomas HG and J{\o}rgensen, Peter S and Zimmerman, Naupaka and Chamberlain, Scott and Salguero-Gomez, Roberto and Curran, Timothy J and Poisot, Timoth{\'e}e},
  journal={PeerJ},
  volume={2},
  pages={e285},
  year={2014},
  publisher={PeerJ Inc.}
}

@book{abedin2014r,
  title={R Graphs Cookbook Second Edition},
  author={Abedin, Jaynal and Mittal, Hrishi V},
  year={2014},
  publisher={Packt Publishing Ltd}
}

@book{murrell2018r,
  title={R Graphics},
  author={Murrell, P},
  isbn={9781439831779},
  lccn={2011026631},
  series={Chapman \& Hall/CRC The R Series},
  url={https://books.google.ca/books?id=ol3RBQAAQBAJ},
  year={2018},
  publisher={CRC Press}
}

@article{hampton2015tao,
  title={The Tao of open science for ecology},
  author={Hampton, Stephanie E and Anderson, Sean S and Bagby, Sarah C and Gries, Corinna and Han, Xueying and Hart, Edmund M and Jones, Matthew B and Lenhardt, W Christopher and MacDonald, Andrew and Michener, William K and others},
  journal={Ecosphere},
  volume={6},
  number={7},
  pages={1--13},
  year={2015},
  publisher={Wiley Online Library}
}

@article{murrell2006chapman,
  title={Chapman \& Hall},
  author={Murrell, Paul and Graphics, R},
  journal={CRC, Boca Raton, FL},
  year={2006}
}

@book{abedin2014r,
  title={R Graphs Cookbook Second Edition},
  author={Abedin, Jaynal and Mittal, Hrishi V},
  year={2014},
  publisher={Packt Publishing Ltd}
}

@book{burnhamdr2002,
  title={Model selection and multimodel inference: a practical information-theoretic approach},
  author={Burnham, Kenneth P and David R Anderson},
  year={2014},
  author={Burnham, KP and others},
  publisher={Springer Science \& Business Media, New York, New York, USA}
}


@article{hart2016ten,
  title={Ten simple rules for digital data storage},
  author={Hart, Edmund M and Barmby, Pauline and LeBauer, David and Michonneau, Fran{\c{c}}ois and Mount, Sarah and Mulrooney, Patrick and Poisot, Timoth{\'e}e and Woo, Kara H and Zimmerman, Naupaka B and Hollister, Jeffrey W},
  journal={PLoS computational biology},
  volume={12},
  number={10},
  year={2016},
  publisher={Public Library of Science}
}

@article{broman2018data,
  title={Data organization in spreadsheets},
  author={Broman, Karl W and Woo, Kara H},
  journal={The American Statistician},
  volume={72},
  number={1},
  pages={2--10},
  year={2018},
  publisher={Taylor \& Francis}
}

@article{white2013nine,
  title={Nine simple ways to make it easier to (re) use your data},
  author={White, Ethan P and Baldridge, Elita and Brym, Zachary T and Locey, Kenneth J and McGlinn, Daniel J and Supp, Sarah R},
  journal={Ideas in Ecology and Evolution},
  volume={6},
  number={2},
  year={2013}
}

@article{langdon2000effect,
  title={Effect of calcium carbonate saturation state on the calcification rate of an experimental coral reef},
  author={Langdon, Chris and Takahashi, Taro and Sweeney, Colm and Chipman, Dave and Goddard, John and Marubini, Francesca and Aceves, Heather and Barnett, Heidi and Atkinson, Marlin J},
  journal={Global Biogeochemical Cycles},
  volume={14},
  number={2},
  pages={639--654},
  year={2000},
  publisher={Wiley Online Library}
}

@article{lai2019evaluating,
  title={Evaluating the popularity of R in ecology},
  author={Lai, Jiangshan and Lortie, Christopher J and Muenchen, Robert A and Yang, Jian and Ma, Keping},
  journal={Ecosphere},
  volume={10},
  number={1},
  pages={e02567},
  year={2019},
  publisher={Wiley Online Library}
}

@article{falik2011rumor,
  title={Rumor has itâ€¦: relay communication of stress cues in plants},
  author={Falik, Omer and Mordoch, Yonat and Quansah, Lydia and Fait, Aaron and Novoplansky, Ariel},
  journal={PLoS One},
  volume={6},
  number={11},
  year={2011},
  publisher={Public Library of Science}
}

@book{ismay2019statistical,
  title={Statistical Inference via Data Science: A ModernDive into R and the Tidyverse},
  author={Ismay, Chester and Kim, Albert Y},
  year={2019},
  publisher={CRC Press}
}
